<collection xmlns="http://www.loc.gov/MARC21/slim">
<record>
  <leader>01186nam0a22002411i 450 </leader>
  <controlfield tag="001">IT\ICCU\CNCE\076822</controlfield>
  <controlfield tag="005">20111021000000.0</controlfield>
  <datafield tag="012" ind1=" " ind2=" ">
    <subfield code="a">e.e. aan- l-,&amp; peci (C) 1563 (R)</subfield>
    <subfield code="2">fei</subfield>
  </datafield>
  <datafield tag="100" ind1=" " ind2=" ">
    <subfield code="a">20111019d1563        0itac0103    ba</subfield>
  </datafield>
  <datafield tag="101" ind1=" " ind2=" ">
    <subfield code="a">ITA</subfield>
  </datafield>
  <datafield tag="102" ind1=" " ind2=" ">
    <subfield code="a">IT</subfield>
  </datafield>
  <datafield tag="200" ind1="1" ind2=" ">
    <subfield code="a">Manifesto dell&apos;illustre signor conte Marc&apos;Antonio Sarego</subfield>
  </datafield>
  <datafield tag="210" ind1=" " ind2=" ">
    <subfield code="a">In Mantoua</subfield>
    <subfield code="c">per Filoterpse</subfield>
    <subfield code="d">e Clidano Philoponi fratelli</subfield>
    <subfield code="d">alli XXVI d&apos;aprile 1563</subfield>
  </datafield>
  <datafield tag="215" ind1=" " ind2=" ">
    <subfield code="a">\12! c.</subfield>
    <subfield code="d">4</subfield>
  </datafield>
  <datafield tag="620" ind1=" " ind2=" ">
    <subfield code="a">IT</subfield>
    <subfield code="d">Mantova</subfield>
  </datafield>
  <datafield tag="700" ind1=" " ind2="1">
    <subfield code="a">Sarego,</subfield>
    <subfield code="b">Marco Antonio</subfield>
    <subfield code="3">IT\ICCU\CNCA\029615</subfield>
  </datafield>
  <datafield tag="712" ind1="0" ind2="0">
    <subfield code="a">Filoponi, Filoterpse &amp; Filoponi, Clidano</subfield>
    <subfield code="3">IT\ICCU\CNCT\000042</subfield>
    <subfield code="4">650</subfield>
  </datafield>
  <datafield tag="791" ind1="0" ind2="0">
    <subfield code="a">Filoponi, Clidano</subfield>
    <subfield code="3">IT\ICCU\CNCT\000043</subfield>
    <subfield code="z">Filoponi, Filoterpse &amp; Filoponi, Clidano</subfield>
  </datafield>
  <datafield tag="791" ind1="0" ind2="0">
    <subfield code="a">Philoponus, Philoterpses &amp; Philoponus, Clidanus</subfield>
    <subfield code="3">IT\ICCU\CNCT\003801</subfield>
    <subfield code="z">Filoponi, Filoterpse &amp; Filoponi, Clidano</subfield>
  </datafield>
  <datafield tag="801" ind1=" " ind2="3">
    <subfield code="a">IT</subfield>
    <subfield code="b">ICCU</subfield>
    <subfield code="c">20201115</subfield>
  </datafield>
  <datafield tag="899" ind1=" " ind2=" ">
    <subfield code="a">Biblioteca d&apos;arte del Museo civico Correr. Venezia</subfield>
    <subfield code="1">VE0039</subfield>
    <subfield code="2">VEA BC</subfield>
  </datafield>
  <datafield tag="911" ind1=" " ind2=" ">
    <subfield code="a">Sul front.</subfield>
    <subfield code="9">IT\ICCU\CNCM\000816</subfield>
  </datafield>
  <datafield tag="921" ind1=" " ind2=" ">
    <subfield code="a">IT\ICCU\CNCM\000816</subfield>
    <subfield code="b">Cielo stellato e nave in mare in tempesta con uomo supplicante</subfield>
    <subfield code="e">Supplex clarum jam fulget ab altis sideribus</subfield>
    <subfield code="c">Z346</subfield>
    <subfield code="d">Dimensioni: 5,5 x 6,7</subfield>
    <subfield code="f">NAVE</subfield>
    <subfield code="f">CIELO</subfield>
    <subfield code="g">1563</subfield>
  </datafield>
</record>
</collection>
